% vim: sts=2 ts=2 sw=2 et

@book{bookc:munkres00,
  title     = {Topology},
  author    = {Munkres, James},
  edition   = {Second Edition},
  publisher = {Prentice Hall},
  year      = {2000}
}

@book {bookc:munkres84,
  author     = {Munkres, James},
  title      = {Elements of Algebraic Topology},
  publisher  = {Addison-Wesley},
  year       = {1984}
}

@book{bookc:bredon93,
  title      = {Topology and Geometry},
  author     = {Bredon, Glen},
  publisher  = {Springer},
  year       = {1993}
}
% series     = {Graduate Texts in Mathematics},
% volume     = {139},
% url        = {http://dx.doi.org/10.1007/978-1-4757-6848-0 }

@book{bookc:spanier66,
  title      = {Algebraic Topology},
  author     = {Spanier, Edwin},
  publisher  = {McGraw-Hill},
  year       = {1966}
}

@book {bookc:fritschpiccinini90,
  title      = {Cellular structures in topology},
  author     = {Fritsch, Rudolf and Piccinini, Renzo},
  publisher  = {Cambridge University Press},
  year       = {1990}
}
% series     = {Cambridge Studies in Advanced Mathematics},
% volume     = {19},
% url        = {http://dx.doi.org/10.1017/CBO9780511983948 }

@book{bookc:ferrariopiccinini11,
  title      = {Simplicial Structures in Topology},
  author     = {Ferrario, Davide and Piccinini, Renzo},
  publisher  = {Springer},
  year       = {2011}
}
% series     = {CMS Books in Mathematics},
% url        = {http://dx.doi.org/10.1007/978-1-4419-7236-1 }

@book{bookc:herlihyetal13,
  title     = {Distributed Computing Through Combinatorial Topology},
  author    = {Herlihy, Maurice and Kozlov, Dmitry and Rajsbaum, Sergio},
  publisher = {Morgan Kaufmann},
  year      = {2013}
}

@article{paper:herlihyrajsbaum03,
  title   = {A classification of wait-free loop agreement tasks},
  author  = {Herlihy, Maurice and Rajsbaum, Sergio},
  journal = {Theoretical Computer Science},
  volume  = {291},
  number  = {1},
  pages   = {55--77},
  year    = {2003}
}
% url     = {http://www.sciencedirect.com/science/article/pii/S0304397501003966 }

@article{paper:herlihyshavit99,
  title     = {The topological structure of asynchronous computability},
  author    = {Herlihy, Maurice and Shavit, Nir},
  journal   = {J. ACM},
  volume    = {46},
  number    = {6},
  pages     = {858--923},
  year      = {1999}
}
% url = {http://doi.acm.org/10.1145/331524.331529 }
